@book{ludewig2007software,
  author = {{Jochen Ludewig} and {Horst Lichter}},
  biburl = {https://www.bibsonomy.org/bibtex/22ac79b1abb44918a3e48888224949200/hlackner},
  interhash = {be293d1cf07578bb10c218feb267735e},
  intrahash = {2ac79b1abb44918a3e48888224949200},
  keywords = {Informatik},
  publisher = {Dpunkt.Verlag GmbH},
  timestamp = {2013-10-18T15:41:10.000+0200},
  title = {Software Engineering: Grundlagen, Menschen, Prozesse, Techniken},
  year = 2007
}

@book{fielding2000architectural,
  title={Architectural styles and the design of network-based software architectures},
  author={Fielding, Roy T and Taylor, Richard N},
  volume={7},
  year={2000},
  publisher={University of California, Irvine Irvine, USA}
}

@book{tilkov2015rest,
  title={REST und HTTP: Entwicklung und Integration nach dem Architekturstil des Web},
  author={Tilkov, Stefan and Eigenbrodt, Martin and Schreier, Silvia and Wolf, Oliver},
  year={2015},
  publisher={dpunkt. verlag}
}

